%YAML 1.1
%TAG !u! tag:unity3d.com,2011:
--- !u!1 &226876589289534896
GameObject:
  m_ObjectHideFlags: 0
  m_CorrespondingSourceObject: {fileID: 0}
  m_PrefabInstance: {fileID: 0}
  m_PrefabAsset: {fileID: 0}
  serializedVersion: 6
  m_Component:
  - component: {fileID: 5412932343061637632}
  m_Layer: 10
  m_Name: Side Spawn 3
  m_TagString: Untagged
  m_Icon: {fileID: 0}
  m_NavMeshLayer: 0
  m_StaticEditorFlags: 0
  m_IsActive: 1
--- !u!4 &5412932343061637632
Transform:
  m_ObjectHideFlags: 0
  m_CorrespondingSourceObject: {fileID: 0}
  m_PrefabInstance: {fileID: 0}
  m_PrefabAsset: {fileID: 0}
  m_GameObject: {fileID: 226876589289534896}
  m_LocalRotation: {x: -0, y: -0.67088985, z: -0, w: -0.74155706}
  m_LocalPosition: {x: 3.32, y: 0, z: -13.95}
  m_LocalScale: {x: 1, y: 1, z: 1}
  m_Children: []
  m_Father: {fileID: 952703990557648190}
  m_RootOrder: 2
  m_LocalEulerAnglesHint: {x: 0, y: -275.728, z: 0}
--- !u!1 &612920960344602413
GameObject:
  m_ObjectHideFlags: 0
  m_CorrespondingSourceObject: {fileID: 0}
  m_PrefabInstance: {fileID: 0}
  m_PrefabAsset: {fileID: 0}
  serializedVersion: 6
  m_Component:
  - component: {fileID: 5732042604956473636}
  m_Layer: 10
  m_Name: Corners
  m_TagString: Untagged
  m_Icon: {fileID: 0}
  m_NavMeshLayer: 0
  m_StaticEditorFlags: 0
  m_IsActive: 1
--- !u!4 &5732042604956473636
Transform:
  m_ObjectHideFlags: 0
  m_CorrespondingSourceObject: {fileID: 0}
  m_PrefabInstance: {fileID: 0}
  m_PrefabAsset: {fileID: 0}
  m_GameObject: {fileID: 612920960344602413}
  m_LocalRotation: {x: 0, y: 0, z: 0, w: 1}
  m_LocalPosition: {x: 0, y: 0, z: 0}
  m_LocalScale: {x: 1, y: 1, z: 1}
  m_Children:
  - {fileID: 2606944399119380131}
  - {fileID: 2723571675085313163}
  - {fileID: 1065575037651455609}
  - {fileID: 1533586892876422603}
  m_Father: {fileID: 8438681098836590815}
  m_RootOrder: 1
  m_LocalEulerAnglesHint: {x: 0, y: 0, z: 0}
--- !u!1 &1192200753976982784
GameObject:
  m_ObjectHideFlags: 0
  m_CorrespondingSourceObject: {fileID: 0}
  m_PrefabInstance: {fileID: 0}
  m_PrefabAsset: {fileID: 0}
  serializedVersion: 6
  m_Component:
  - component: {fileID: 2723571675085313163}
  m_Layer: 10
  m_Name: Corner Spawn 2
  m_TagString: Untagged
  m_Icon: {fileID: 0}
  m_NavMeshLayer: 0
  m_StaticEditorFlags: 0
  m_IsActive: 1
--- !u!4 &2723571675085313163
Transform:
  m_ObjectHideFlags: 0
  m_CorrespondingSourceObject: {fileID: 0}
  m_PrefabInstance: {fileID: 0}
  m_PrefabAsset: {fileID: 0}
  m_GameObject: {fileID: 1192200753976982784}
  m_LocalRotation: {x: 0, y: 0.26218915, z: 0, w: 0.96501654}
  m_LocalPosition: {x: 8.7, y: 0, z: -14.36}
  m_LocalScale: {x: 1, y: 1, z: 1}
  m_Children: []
  m_Father: {fileID: 5732042604956473636}
  m_RootOrder: 1
  m_LocalEulerAnglesHint: {x: 0, y: 30.4, z: 0}
--- !u!1 &1247804845029524987
GameObject:
  m_ObjectHideFlags: 0
  m_CorrespondingSourceObject: {fileID: 0}
  m_PrefabInstance: {fileID: 0}
  m_PrefabAsset: {fileID: 0}
  serializedVersion: 6
  m_Component:
  - component: {fileID: 2570742726677940336}
  m_Layer: 10
  m_Name: Center Spawn 1
  m_TagString: Untagged
  m_Icon: {fileID: 0}
  m_NavMeshLayer: 0
  m_StaticEditorFlags: 0
  m_IsActive: 1
--- !u!4 &2570742726677940336
Transform:
  m_ObjectHideFlags: 0
  m_CorrespondingSourceObject: {fileID: 0}
  m_PrefabInstance: {fileID: 0}
  m_PrefabAsset: {fileID: 0}
  m_GameObject: {fileID: 1247804845029524987}
  m_LocalRotation: {x: -0, y: -0.7259609, z: -0, w: 0.687736}
  m_LocalPosition: {x: 0.3, y: 0, z: 2.58}
  m_LocalScale: {x: 1, y: 1, z: 1}
  m_Children: []
  m_Father: {fileID: 8938623843212406277}
  m_RootOrder: 0
  m_LocalEulerAnglesHint: {x: 0, y: -93.09801, z: 0}
--- !u!1 &1425297258673646700
GameObject:
  m_ObjectHideFlags: 0
  m_CorrespondingSourceObject: {fileID: 0}
  m_PrefabInstance: {fileID: 0}
  m_PrefabAsset: {fileID: 0}
  serializedVersion: 6
  m_Component:
  - component: {fileID: 1533586892876422603}
  m_Layer: 10
  m_Name: Corner Spawn 4
  m_TagString: Untagged
  m_Icon: {fileID: 0}
  m_NavMeshLayer: 0
  m_StaticEditorFlags: 0
  m_IsActive: 1
--- !u!4 &1533586892876422603
Transform:
  m_ObjectHideFlags: 0
  m_CorrespondingSourceObject: {fileID: 0}
  m_PrefabInstance: {fileID: 0}
  m_PrefabAsset: {fileID: 0}
  m_GameObject: {fileID: 1425297258673646700}
  m_LocalRotation: {x: 0, y: -0.32853702, z: 0, w: 0.9444911}
  m_LocalPosition: {x: -14.52, y: 0, z: 10.22}
  m_LocalScale: {x: 1, y: 1, z: 1}
  m_Children: []
  m_Father: {fileID: 5732042604956473636}
  m_RootOrder: 3
  m_LocalEulerAnglesHint: {x: 0, y: -38.36, z: 0}
--- !u!1 &1827130632354647763
GameObject:
  m_ObjectHideFlags: 0
  m_CorrespondingSourceObject: {fileID: 0}
  m_PrefabInstance: {fileID: 0}
  m_PrefabAsset: {fileID: 0}
  serializedVersion: 6
  m_Component:
  - component: {fileID: 2138202321627918094}
  m_Layer: 10
  m_Name: Center Spawn 4
  m_TagString: Untagged
  m_Icon: {fileID: 0}
  m_NavMeshLayer: 0
  m_StaticEditorFlags: 0
  m_IsActive: 1
--- !u!4 &2138202321627918094
Transform:
  m_ObjectHideFlags: 0
  m_CorrespondingSourceObject: {fileID: 0}
  m_PrefabInstance: {fileID: 0}
  m_PrefabAsset: {fileID: 0}
  m_GameObject: {fileID: 1827130632354647763}
  m_LocalRotation: {x: -0, y: -0.67088985, z: -0, w: -0.74155706}
  m_LocalPosition: {x: -3.41, y: 0, z: -6.15}
  m_LocalScale: {x: 1, y: 1, z: 1}
  m_Children: []
  m_Father: {fileID: 8938623843212406277}
  m_RootOrder: 3
  m_LocalEulerAnglesHint: {x: 0, y: -275.728, z: 0}
--- !u!1 &2174116336524073902
GameObject:
  m_ObjectHideFlags: 0
  m_CorrespondingSourceObject: {fileID: 0}
  m_PrefabInstance: {fileID: 0}
  m_PrefabAsset: {fileID: 0}
  serializedVersion: 6
  m_Component:
  - component: {fileID: 8364727581768437779}
  m_Layer: 10
  m_Name: Side Spawn 5
  m_TagString: Untagged
  m_Icon: {fileID: 0}
  m_NavMeshLayer: 0
  m_StaticEditorFlags: 0
  m_IsActive: 1
--- !u!4 &8364727581768437779
Transform:
  m_ObjectHideFlags: 0
  m_CorrespondingSourceObject: {fileID: 0}
  m_PrefabInstance: {fileID: 0}
  m_PrefabAsset: {fileID: 0}
  m_GameObject: {fileID: 2174116336524073902}
  m_LocalRotation: {x: 0, y: -0.98540795, z: 0, w: 0.17020953}
  m_LocalPosition: {x: -15.68, y: 0, z: -9.15}
  m_LocalScale: {x: 1, y: 1, z: 1}
  m_Children: []
  m_Father: {fileID: 952703990557648190}
  m_RootOrder: 4
  m_LocalEulerAnglesHint: {x: 0, y: -160.4, z: 0}
--- !u!1 &2182829036838264242
GameObject:
  m_ObjectHideFlags: 0
  m_CorrespondingSourceObject: {fileID: 0}
  m_PrefabInstance: {fileID: 0}
  m_PrefabAsset: {fileID: 0}
  serializedVersion: 6
  m_Component:
  - component: {fileID: 1347033371068732810}
  m_Layer: 10
  m_Name: Side Spawn 2
  m_TagString: Untagged
  m_Icon: {fileID: 0}
  m_NavMeshLayer: 0
  m_StaticEditorFlags: 0
  m_IsActive: 1
--- !u!4 &1347033371068732810
Transform:
  m_ObjectHideFlags: 0
  m_CorrespondingSourceObject: {fileID: 0}
  m_PrefabInstance: {fileID: 0}
  m_PrefabAsset: {fileID: 0}
  m_GameObject: {fileID: 2182829036838264242}
  m_LocalRotation: {x: -0, y: -0.93451554, z: -0, w: -0.35592246}
  m_LocalPosition: {x: 8.73, y: 0, z: -8.6}
  m_LocalScale: {x: 1, y: 1, z: 1}
  m_Children: []
  m_Father: {fileID: 952703990557648190}
  m_RootOrder: 1
  m_LocalEulerAnglesHint: {x: 0, y: -221.7, z: 0}
--- !u!1 &2398354969633871914
GameObject:
  m_ObjectHideFlags: 0
  m_CorrespondingSourceObject: {fileID: 0}
  m_PrefabInstance: {fileID: 0}
  m_PrefabAsset: {fileID: 0}
  serializedVersion: 6
  m_Component:
  - component: {fileID: 1222922254935586414}
  m_Layer: 10
  m_Name: Side Spawn 6
  m_TagString: Untagged
  m_Icon: {fileID: 0}
  m_NavMeshLayer: 0
  m_StaticEditorFlags: 0
  m_IsActive: 1
--- !u!4 &1222922254935586414
Transform:
  m_ObjectHideFlags: 0
  m_CorrespondingSourceObject: {fileID: 0}
  m_PrefabInstance: {fileID: 0}
  m_PrefabAsset: {fileID: 0}
  m_GameObject: {fileID: 2398354969633871914}
  m_LocalRotation: {x: -0, y: -0.3915287, z: -0, w: 0.92016596}
  m_LocalPosition: {x: -15.05, y: 0, z: 5.35}
  m_LocalScale: {x: 1, y: 1, z: 1}
  m_Children: []
  m_Father: {fileID: 952703990557648190}
  m_RootOrder: 5
  m_LocalEulerAnglesHint: {x: 0, y: -46.099003, z: 0}
--- !u!1 &2612523008703834014
GameObject:
  m_ObjectHideFlags: 0
  m_CorrespondingSourceObject: {fileID: 0}
  m_PrefabInstance: {fileID: 0}
  m_PrefabAsset: {fileID: 0}
  serializedVersion: 6
  m_Component:
  - component: {fileID: 7163672013774247181}
  m_Layer: 10
  m_Name: Center Spawn 2
  m_TagString: Untagged
  m_Icon: {fileID: 0}
  m_NavMeshLayer: 0
  m_StaticEditorFlags: 0
  m_IsActive: 1
--- !u!4 &7163672013774247181
Transform:
  m_ObjectHideFlags: 0
  m_CorrespondingSourceObject: {fileID: 0}
  m_PrefabInstance: {fileID: 0}
  m_PrefabAsset: {fileID: 0}
  m_GameObject: {fileID: 2612523008703834014}
  m_LocalRotation: {x: -0, y: -0.9493981, z: 0, w: -0.31407514}
  m_LocalPosition: {x: 0.63, y: 0, z: -5.23}
  m_LocalScale: {x: 1, y: 1, z: 1}
  m_Children: []
  m_Father: {fileID: 8938623843212406277}
  m_RootOrder: 1
  m_LocalEulerAnglesHint: {x: 0, y: -216.61, z: 0}
--- !u!1 &2806994164893957127
GameObject:
  m_ObjectHideFlags: 0
  m_CorrespondingSourceObject: {fileID: 0}
  m_PrefabInstance: {fileID: 0}
  m_PrefabAsset: {fileID: 0}
  serializedVersion: 6
  m_Component:
  - component: {fileID: 7361449890878309157}
  m_Layer: 10
  m_Name: Side Spawn 7
  m_TagString: Untagged
  m_Icon: {fileID: 0}
  m_NavMeshLayer: 0
  m_StaticEditorFlags: 0
  m_IsActive: 1
--- !u!4 &7361449890878309157
Transform:
  m_ObjectHideFlags: 0
  m_CorrespondingSourceObject: {fileID: 0}
  m_PrefabInstance: {fileID: 0}
  m_PrefabAsset: {fileID: 0}
  m_GameObject: {fileID: 2806994164893957127}
  m_LocalRotation: {x: -0, y: -0.3915287, z: -0, w: 0.92016596}
  m_LocalPosition: {x: -10.11, y: 0, z: 11.32}
  m_LocalScale: {x: 1, y: 1, z: 1}
  m_Children: []
  m_Father: {fileID: 952703990557648190}
  m_RootOrder: 6
  m_LocalEulerAnglesHint: {x: 0, y: -46.099003, z: 0}
--- !u!1 &2894400921511892959
GameObject:
  m_ObjectHideFlags: 0
  m_CorrespondingSourceObject: {fileID: 0}
  m_PrefabInstance: {fileID: 0}
  m_PrefabAsset: {fileID: 0}
  serializedVersion: 6
  m_Component:
  - component: {fileID: 2606944399119380131}
  m_Layer: 10
  m_Name: Corner Spawn 1
  m_TagString: Untagged
  m_Icon: {fileID: 0}
  m_NavMeshLayer: 0
  m_StaticEditorFlags: 0
  m_IsActive: 1
--- !u!4 &2606944399119380131
Transform:
  m_ObjectHideFlags: 0
  m_CorrespondingSourceObject: {fileID: 0}
  m_PrefabInstance: {fileID: 0}
  m_PrefabAsset: {fileID: 0}
  m_GameObject: {fileID: 2894400921511892959}
  m_LocalRotation: {x: -0, y: -0.9612617, z: -0, w: 0.27563742}
  m_LocalPosition: {x: 8.87, y: 0, z: 10.53}
  m_LocalScale: {x: 1, y: 1, z: 1}
  m_Children: []
  m_Father: {fileID: 5732042604956473636}
  m_RootOrder: 0
  m_LocalEulerAnglesHint: {x: 0, y: -148, z: 0}
--- !u!1 &3371045568316218225
GameObject:
  m_ObjectHideFlags: 0
  m_CorrespondingSourceObject: {fileID: 0}
  m_PrefabInstance: {fileID: 0}
  m_PrefabAsset: {fileID: 0}
  serializedVersion: 6
  m_Component:
  - component: {fileID: 1065575037651455609}
  m_Layer: 10
  m_Name: Corner Spawn 3
  m_TagString: Untagged
  m_Icon: {fileID: 0}
  m_NavMeshLayer: 0
  m_StaticEditorFlags: 0
  m_IsActive: 1
--- !u!4 &1065575037651455609
Transform:
  m_ObjectHideFlags: 0
  m_CorrespondingSourceObject: {fileID: 0}
  m_PrefabInstance: {fileID: 0}
  m_PrefabAsset: {fileID: 0}
  m_GameObject: {fileID: 3371045568316218225}
  m_LocalRotation: {x: 0, y: -0.32853702, z: 0, w: 0.9444911}
  m_LocalPosition: {x: -14.32, y: 0, z: -14.01}
  m_LocalScale: {x: 1, y: 1, z: 1}
  m_Children: []
  m_Father: {fileID: 5732042604956473636}
  m_RootOrder: 2
  m_LocalEulerAnglesHint: {x: 0, y: -38.36, z: 0}
--- !u!1 &3941032474241914305
GameObject:
  m_ObjectHideFlags: 0
  m_CorrespondingSourceObject: {fileID: 0}
  m_PrefabInstance: {fileID: 0}
  m_PrefabAsset: {fileID: 0}
  serializedVersion: 6
  m_Component:
  - component: {fileID: 3126897720034832018}
  m_Layer: 10
  m_Name: Center Spawn 5
  m_TagString: Untagged
  m_Icon: {fileID: 0}
  m_NavMeshLayer: 0
  m_StaticEditorFlags: 0
  m_IsActive: 1
--- !u!4 &3126897720034832018
Transform:
  m_ObjectHideFlags: 0
  m_CorrespondingSourceObject: {fileID: 0}
  m_PrefabInstance: {fileID: 0}
  m_PrefabAsset: {fileID: 0}
  m_GameObject: {fileID: 3941032474241914305}
  m_LocalRotation: {x: 0, y: -0.37622422, z: 0, w: 0.92652863}
  m_LocalPosition: {x: -5.96, y: 0, z: 2.41}
  m_LocalScale: {x: 1, y: 1, z: 1}
  m_Children: []
  m_Father: {fileID: 8938623843212406277}
  m_RootOrder: 4
  m_LocalEulerAnglesHint: {x: 0, y: -44.2, z: 0}
--- !u!1 &4697005630391382189
GameObject:
  m_ObjectHideFlags: 0
  m_CorrespondingSourceObject: {fileID: 0}
  m_PrefabInstance: {fileID: 0}
  m_PrefabAsset: {fileID: 0}
  serializedVersion: 6
  m_Component:
  - component: {fileID: 8438681098836590815}
  m_Layer: 10
  m_Name: room_stone_corridor02_EnemySpawnPositions
  m_TagString: Untagged
  m_Icon: {fileID: 0}
  m_NavMeshLayer: 0
  m_StaticEditorFlags: 0
  m_IsActive: 1
--- !u!4 &8438681098836590815
Transform:
  m_ObjectHideFlags: 0
  m_CorrespondingSourceObject: {fileID: 0}
  m_PrefabInstance: {fileID: 0}
  m_PrefabAsset: {fileID: 0}
  m_GameObject: {fileID: 4697005630391382189}
  m_LocalRotation: {x: -0, y: -0, z: -0, w: 1}
  m_LocalPosition: {x: 2.92, y: 0.5, z: 1.37}
  m_LocalScale: {x: 1, y: 1, z: 1}
  m_Children:
  - {fileID: 8938623843212406277}
  - {fileID: 5732042604956473636}
  - {fileID: 952703990557648190}
  m_Father: {fileID: 0}
  m_RootOrder: 0
  m_LocalEulerAnglesHint: {x: 0, y: 0, z: 0}
--- !u!1 &5288475111630398488
GameObject:
  m_ObjectHideFlags: 0
  m_CorrespondingSourceObject: {fileID: 0}
  m_PrefabInstance: {fileID: 0}
  m_PrefabAsset: {fileID: 0}
  serializedVersion: 6
  m_Component:
  - component: {fileID: 402739416053684922}
  m_Layer: 10
  m_Name: Center Spawn 3
  m_TagString: Untagged
  m_Icon: {fileID: 0}
  m_NavMeshLayer: 0
  m_StaticEditorFlags: 0
  m_IsActive: 1
--- !u!4 &402739416053684922
Transform:
  m_ObjectHideFlags: 0
  m_CorrespondingSourceObject: {fileID: 0}
  m_PrefabInstance: {fileID: 0}
  m_PrefabAsset: {fileID: 0}
  m_GameObject: {fileID: 5288475111630398488}
  m_LocalRotation: {x: 0, y: -0.9211854, z: 0, w: 0.38912398}
  m_LocalPosition: {x: -2.95, y: 0, z: 3.22}
  m_LocalScale: {x: 1, y: 1, z: 1}
  m_Children: []
  m_Father: {fileID: 8938623843212406277}
  m_RootOrder: 2
  m_LocalEulerAnglesHint: {x: 0, y: -134.2, z: 0}
--- !u!1 &5475402682989840741
GameObject:
  m_ObjectHideFlags: 0
  m_CorrespondingSourceObject: {fileID: 0}
  m_PrefabInstance: {fileID: 0}
  m_PrefabAsset: {fileID: 0}
  serializedVersion: 6
  m_Component:
  - component: {fileID: 5406315893171578950}
  m_Layer: 10
  m_Name: Side Spawn 4
  m_TagString: Untagged
  m_Icon: {fileID: 0}
  m_NavMeshLayer: 0
  m_StaticEditorFlags: 0
  m_IsActive: 1
--- !u!4 &5406315893171578950
Transform:
  m_ObjectHideFlags: 0
  m_CorrespondingSourceObject: {fileID: 0}
  m_PrefabInstance: {fileID: 0}
  m_PrefabAsset: {fileID: 0}
  m_GameObject: {fileID: 5475402682989840741}
  m_LocalRotation: {x: -0, y: -0.9959257, z: -0, w: -0.09017771}
  m_LocalPosition: {x: -8.96, y: 0, z: -14.58}
  m_LocalScale: {x: 1, y: 1, z: 1}
  m_Children: []
  m_Father: {fileID: 952703990557648190}
  m_RootOrder: 3
  m_LocalEulerAnglesHint: {x: 0, y: -190.34799, z: 0}
--- !u!1 &5931041618943414773
GameObject:
  m_ObjectHideFlags: 0
  m_CorrespondingSourceObject: {fileID: 0}
  m_PrefabInstance: {fileID: 0}
  m_PrefabAsset: {fileID: 0}
  serializedVersion: 6
  m_Component:
  - component: {fileID: 4634015998848023767}
  m_Layer: 10
  m_Name: Side Spawn 8
  m_TagString: Untagged
  m_Icon: {fileID: 0}
  m_NavMeshLayer: 0
  m_StaticEditorFlags: 0
  m_IsActive: 1
--- !u!4 &4634015998848023767
Transform:
  m_ObjectHideFlags: 0
  m_CorrespondingSourceObject: {fileID: 0}
  m_PrefabInstance: {fileID: 0}
  m_PrefabAsset: {fileID: 0}
  m_GameObject: {fileID: 5931041618943414773}
  m_LocalRotation: {x: -0, y: -0.3915287, z: -0, w: 0.92016596}
  m_LocalPosition: {x: 4.1, y: 0, z: 11.29}
  m_LocalScale: {x: 1, y: 1, z: 1}
  m_Children: []
  m_Father: {fileID: 952703990557648190}
  m_RootOrder: 7
  m_LocalEulerAnglesHint: {x: 0, y: -46.099003, z: 0}
--- !u!1 &7393094968722296361
GameObject:
  m_ObjectHideFlags: 0
  m_CorrespondingSourceObject: {fileID: 0}
  m_PrefabInstance: {fileID: 0}
  m_PrefabAsset: {fileID: 0}
  serializedVersion: 6
  m_Component:
  - component: {fileID: 7267182685408502963}
  m_Layer: 10
  m_Name: Side Spawn 1
  m_TagString: Untagged
  m_Icon: {fileID: 0}
  m_NavMeshLayer: 0
  m_StaticEditorFlags: 0
  m_IsActive: 1
--- !u!4 &7267182685408502963
Transform:
  m_ObjectHideFlags: 0
  m_CorrespondingSourceObject: {fileID: 0}
  m_PrefabInstance: {fileID: 0}
  m_PrefabAsset: {fileID: 0}
  m_GameObject: {fileID: 7393094968722296361}
  m_LocalRotation: {x: -0, y: -0.3915287, z: -0, w: 0.92016596}
  m_LocalPosition: {x: 8.53, y: 0, z: 6.47}
  m_LocalScale: {x: 1, y: 1, z: 1}
  m_Children: []
  m_Father: {fileID: 952703990557648190}
  m_RootOrder: 0
  m_LocalEulerAnglesHint: {x: 0, y: -46.099003, z: 0}
--- !u!1 &7509436195714214328
GameObject:
  m_ObjectHideFlags: 0
  m_CorrespondingSourceObject: {fileID: 0}
  m_PrefabInstance: {fileID: 0}
  m_PrefabAsset: {fileID: 0}
  serializedVersion: 6
  m_Component:
  - component: {fileID: 8938623843212406277}
  m_Layer: 10
  m_Name: Center
  m_TagString: Untagged
  m_Icon: {fileID: 0}
  m_NavMeshLayer: 0
  m_StaticEditorFlags: 0
  m_IsActive: 1
--- !u!4 &8938623843212406277
Transform:
  m_ObjectHideFlags: 0
  m_CorrespondingSourceObject: {fileID: 0}
  m_PrefabInstance: {fileID: 0}
  m_PrefabAsset: {fileID: 0}
  m_GameObject: {fileID: 7509436195714214328}
  m_LocalRotation: {x: 0, y: 0, z: 0, w: 1}
  m_LocalPosition: {x: 0, y: 0, z: 0}
  m_LocalScale: {x: 1, y: 1, z: 1}
  m_Children:
  - {fileID: 2570742726677940336}
  - {fileID: 7163672013774247181}
  - {fileID: 402739416053684922}
  - {fileID: 2138202321627918094}
  - {fileID: 3126897720034832018}
  - {fileID: 4889973279483693316}
  m_Father: {fileID: 8438681098836590815}
  m_RootOrder: 0
  m_LocalEulerAnglesHint: {x: 0, y: 0, z: 0}
--- !u!1 &7519482102931200707
GameObject:
  m_ObjectHideFlags: 0
  m_CorrespondingSourceObject: {fileID: 0}
  m_PrefabInstance: {fileID: 0}
  m_PrefabAsset: {fileID: 0}
  serializedVersion: 6
  m_Component:
  - component: {fileID: 4889973279483693316}
  m_Layer: 10
  m_Name: Center Spawn 6
  m_TagString: Untagged
  m_Icon: {fileID: 0}
  m_NavMeshLayer: 0
  m_StaticEditorFlags: 0
  m_IsActive: 1
--- !u!4 &4889973279483693316
Transform:
  m_ObjectHideFlags: 0
  m_CorrespondingSourceObject: {fileID: 0}
  m_PrefabInstance: {fileID: 0}
  m_PrefabAsset: {fileID: 0}
  m_GameObject: {fileID: 7519482102931200707}
  m_LocalRotation: {x: 0, y: 0, z: 0, w: 1}
  m_LocalPosition: {x: -6.57, y: 0, z: -6.08}
  m_LocalScale: {x: 1, y: 1, z: 1}
  m_Children: []
  m_Father: {fileID: 8938623843212406277}
  m_RootOrder: 5
  m_LocalEulerAnglesHint: {x: 0, y: 0, z: 0}
--- !u!1 &7807923118598094310
GameObject:
  m_ObjectHideFlags: 0
  m_CorrespondingSourceObject: {fileID: 0}
  m_PrefabInstance: {fileID: 0}
  m_PrefabAsset: {fileID: 0}
  serializedVersion: 6
  m_Component:
  - component: {fileID: 952703990557648190}
  m_Layer: 10
  m_Name: Sides
  m_TagString: Untagged
  m_Icon: {fileID: 0}
  m_NavMeshLayer: 0
  m_StaticEditorFlags: 0
  m_IsActive: 1
--- !u!4 &952703990557648190
Transform:
  m_ObjectHideFlags: 0
  m_CorrespondingSourceObject: {fileID: 0}
  m_PrefabInstance: {fileID: 0}
  m_PrefabAsset: {fileID: 0}
  m_GameObject: {fileID: 7807923118598094310}
  m_LocalRotation: {x: 0, y: 0, z: 0, w: 1}
  m_LocalPosition: {x: 0, y: 0, z: 0}
  m_LocalScale: {x: 1, y: 1, z: 1}
  m_Children:
  - {fileID: 7267182685408502963}
  - {fileID: 1347033371068732810}
  - {fileID: 5412932343061637632}
  - {fileID: 5406315893171578950}
  - {fileID: 8364727581768437779}
  - {fileID: 1222922254935586414}
  - {fileID: 7361449890878309157}
  - {fileID: 4634015998848023767}
  m_Father: {fileID: 8438681098836590815}
  m_RootOrder: 2
  m_LocalEulerAnglesHint: {x: 0, y: 0, z: 0}
