%YAML 1.1
%TAG !u! tag:unity3d.com,2011:
--- !u!65 &7621318280246918409
BoxCollider:
  m_ObjectHideFlags: 0
  m_CorrespondingSourceObject: {fileID: 0}
  m_PrefabInstance: {fileID: 0}
  m_PrefabAsset: {fileID: 0}
  m_GameObject: {fileID: 1938150441376794160}
  m_Material: {fileID: 0}
  m_IsTrigger: 0
  m_Enabled: 1
  serializedVersion: 2
  m_Size: {x: 0.02, y: 0.1, z: 0.02}
  m_Center: {x: -0.03, y: 0.049, z: 0}
--- !u!65 &7621318280246918410
BoxCollider:
  m_ObjectHideFlags: 0
  m_CorrespondingSourceObject: {fileID: 0}
  m_PrefabInstance: {fileID: 0}
  m_PrefabAsset: {fileID: 0}
  m_GameObject: {fileID: 1938150441376794160}
  m_Material: {fileID: 0}
  m_IsTrigger: 0
  m_Enabled: 1
  serializedVersion: 2
  m_Size: {x: 0.02, y: 0.1, z: 0.02}
  m_Center: {x: 0.03, y: 0.049, z: 0}
--- !u!1 &7621318281109321380
GameObject:
  m_ObjectHideFlags: 0
  m_CorrespondingSourceObject: {fileID: 0}
  m_PrefabInstance: {fileID: 0}
  m_PrefabAsset: {fileID: 0}
  serializedVersion: 6
  m_Component:
  - component: {fileID: 7621318281109321435}
  - component: {fileID: 7621318281109321432}
  - component: {fileID: 7621318281109321433}
  - component: {fileID: 7621318281109321434}
  - component: {fileID: 7621318281109321439}
  m_Layer: 0
  m_Name: Level Teleporter
  m_TagString: Untagged
  m_Icon: {fileID: 0}
  m_NavMeshLayer: 0
  m_StaticEditorFlags: 0
  m_IsActive: 1
--- !u!4 &7621318281109321435
Transform:
  m_ObjectHideFlags: 0
  m_CorrespondingSourceObject: {fileID: 0}
  m_PrefabInstance: {fileID: 0}
  m_PrefabAsset: {fileID: 0}
  m_GameObject: {fileID: 7621318281109321380}
  m_LocalRotation: {x: 0, y: -1, z: 0, w: 0.00000028088027}
  m_LocalPosition: {x: 0.6450399, y: 0.8810517, z: -1.7535856}
  m_LocalScale: {x: 1.8232683, y: 2.4315104, z: 0.1817379}
  m_Children:
  - {fileID: 3224269840048010275}
  m_Father: {fileID: 0}
  m_RootOrder: 0
  m_LocalEulerAnglesHint: {x: 0, y: -179.99998, z: 0}
--- !u!33 &7621318281109321432
MeshFilter:
  m_ObjectHideFlags: 0
  m_CorrespondingSourceObject: {fileID: 0}
  m_PrefabInstance: {fileID: 0}
  m_PrefabAsset: {fileID: 0}
  m_GameObject: {fileID: 7621318281109321380}
  m_Mesh: {fileID: 10202, guid: 0000000000000000e000000000000000, type: 0}
--- !u!23 &7621318281109321433
MeshRenderer:
  m_ObjectHideFlags: 0
  m_CorrespondingSourceObject: {fileID: 0}
  m_PrefabInstance: {fileID: 0}
  m_PrefabAsset: {fileID: 0}
  m_GameObject: {fileID: 7621318281109321380}
  m_Enabled: 0
  m_CastShadows: 1
  m_ReceiveShadows: 1
  m_DynamicOccludee: 1
  m_MotionVectors: 1
  m_LightProbeUsage: 1
  m_ReflectionProbeUsage: 1
  m_RenderingLayerMask: 1
  m_RendererPriority: 0
  m_Materials:
  - {fileID: 10303, guid: 0000000000000000f000000000000000, type: 0}
  m_StaticBatchInfo:
    firstSubMesh: 0
    subMeshCount: 0
  m_StaticBatchRoot: {fileID: 0}
  m_ProbeAnchor: {fileID: 0}
  m_LightProbeVolumeOverride: {fileID: 0}
  m_ScaleInLightmap: 1
  m_PreserveUVs: 0
  m_IgnoreNormalsForChartDetection: 0
  m_ImportantGI: 0
  m_StitchLightmapSeams: 1
  m_SelectedEditorRenderState: 3
  m_MinimumChartSize: 4
  m_AutoUVMaxDistance: 0.5
  m_AutoUVMaxAngle: 89
  m_LightmapParameters: {fileID: 0}
  m_SortingLayerID: 0
  m_SortingLayer: 0
  m_SortingOrder: 0
--- !u!65 &7621318281109321434
BoxCollider:
  m_ObjectHideFlags: 0
  m_CorrespondingSourceObject: {fileID: 0}
  m_PrefabInstance: {fileID: 0}
  m_PrefabAsset: {fileID: 0}
  m_GameObject: {fileID: 7621318281109321380}
  m_Material: {fileID: 0}
  m_IsTrigger: 1
  m_Enabled: 1
  serializedVersion: 2
  m_Size: {x: 1, y: 1, z: 1}
  m_Center: {x: 0, y: 0, z: 0}
--- !u!114 &7621318281109321439
MonoBehaviour:
  m_ObjectHideFlags: 0
  m_CorrespondingSourceObject: {fileID: 0}
  m_PrefabInstance: {fileID: 0}
  m_PrefabAsset: {fileID: 0}
  m_GameObject: {fileID: 7621318281109321380}
  m_Enabled: 1
  m_EditorHideFlags: 0
  m_Script: {fileID: 11500000, guid: 5ff89f09e37381240bde1fb9ee6655a4, type: 3}
  m_Name: 
  m_EditorClassIdentifier: 
  respawnPoints:
  - {fileID: 0}
  - {fileID: 0}
  spawn:
    m_PersistentCalls:
      m_Calls: []
    m_TypeName: UnityEngine.Events.UnityEvent, UnityEngine.CoreModule, Version=0.0.0.0,
      Culture=neutral, PublicKeyToken=null
  levelIndex: 2
  toBeMoved: []
  toBeDestroyed: []
--- !u!1001 &7621318280233918265
PrefabInstance:
  m_ObjectHideFlags: 0
  serializedVersion: 2
  m_Modification:
    m_TransformParent: {fileID: 7621318281109321435}
    m_Modifications:
    - target: {fileID: -4216859302048453862, guid: 0040b9296aa3c40498bad567ae1b4078,
        type: 3}
      propertyPath: m_LocalPosition.x
      value: 0
      objectReference: {fileID: 0}
    - target: {fileID: -4216859302048453862, guid: 0040b9296aa3c40498bad567ae1b4078,
        type: 3}
      propertyPath: m_LocalPosition.y
      value: -0.55236745
      objectReference: {fileID: 0}
    - target: {fileID: -4216859302048453862, guid: 0040b9296aa3c40498bad567ae1b4078,
        type: 3}
      propertyPath: m_LocalPosition.z
      value: 0
      objectReference: {fileID: 0}
    - target: {fileID: -4216859302048453862, guid: 0040b9296aa3c40498bad567ae1b4078,
        type: 3}
      propertyPath: m_LocalRotation.x
      value: -0
      objectReference: {fileID: 0}
    - target: {fileID: -4216859302048453862, guid: 0040b9296aa3c40498bad567ae1b4078,
        type: 3}
      propertyPath: m_LocalRotation.y
      value: -0
      objectReference: {fileID: 0}
    - target: {fileID: -4216859302048453862, guid: 0040b9296aa3c40498bad567ae1b4078,
        type: 3}
      propertyPath: m_LocalRotation.z
      value: -0
      objectReference: {fileID: 0}
    - target: {fileID: -4216859302048453862, guid: 0040b9296aa3c40498bad567ae1b4078,
        type: 3}
      propertyPath: m_LocalRotation.w
      value: 1
      objectReference: {fileID: 0}
    - target: {fileID: -4216859302048453862, guid: 0040b9296aa3c40498bad567ae1b4078,
        type: 3}
      propertyPath: m_RootOrder
      value: 0
      objectReference: {fileID: 0}
    - target: {fileID: -4216859302048453862, guid: 0040b9296aa3c40498bad567ae1b4078,
        type: 3}
      propertyPath: m_LocalEulerAnglesHint.x
      value: 0
      objectReference: {fileID: 0}
    - target: {fileID: -4216859302048453862, guid: 0040b9296aa3c40498bad567ae1b4078,
        type: 3}
      propertyPath: m_LocalEulerAnglesHint.y
      value: 180
      objectReference: {fileID: 0}
    - target: {fileID: -4216859302048453862, guid: 0040b9296aa3c40498bad567ae1b4078,
        type: 3}
      propertyPath: m_LocalEulerAnglesHint.z
      value: 0
      objectReference: {fileID: 0}
    - target: {fileID: -4216859302048453862, guid: 0040b9296aa3c40498bad567ae1b4078,
        type: 3}
      propertyPath: m_LocalScale.x
      value: 28.332203
      objectReference: {fileID: 0}
    - target: {fileID: -4216859302048453862, guid: 0040b9296aa3c40498bad567ae1b4078,
        type: 3}
      propertyPath: m_LocalScale.y
      value: 21.244902
      objectReference: {fileID: 0}
    - target: {fileID: -4216859302048453862, guid: 0040b9296aa3c40498bad567ae1b4078,
        type: 3}
      propertyPath: m_LocalScale.z
      value: 284.2401
      objectReference: {fileID: 0}
    - target: {fileID: -927199367670048503, guid: 0040b9296aa3c40498bad567ae1b4078,
        type: 3}
      propertyPath: m_Name
      value: TeleporterBase
      objectReference: {fileID: 0}
    - target: {fileID: 6413486020335025233, guid: 0040b9296aa3c40498bad567ae1b4078,
        type: 3}
      propertyPath: m_Materials.Array.data[0]
      value: 
      objectReference: {fileID: 2100000, guid: e41d0da8543b0694e885d8c9f971ca4a, type: 2}
    m_RemovedComponents: []
  m_SourcePrefab: {fileID: 100100000, guid: 0040b9296aa3c40498bad567ae1b4078, type: 3}
--- !u!1 &1938150441376794160 stripped
GameObject:
  m_CorrespondingSourceObject: {fileID: -927199367670048503, guid: 0040b9296aa3c40498bad567ae1b4078,
    type: 3}
  m_PrefabInstance: {fileID: 7621318280233918265}
  m_PrefabAsset: {fileID: 0}
--- !u!4 &3224269840048010275 stripped
Transform:
  m_CorrespondingSourceObject: {fileID: -4216859302048453862, guid: 0040b9296aa3c40498bad567ae1b4078,
    type: 3}
  m_PrefabInstance: {fileID: 7621318280233918265}
  m_PrefabAsset: {fileID: 0}
--- !u!1001 &7752767187442455999
PrefabInstance:
  m_ObjectHideFlags: 0
  serializedVersion: 2
  m_Modification:
    m_TransformParent: {fileID: 3224269840048010275}
    m_Modifications:
    - target: {fileID: 4792296990418494, guid: 0310b8628b5599c4295215fedba1a232, type: 3}
      propertyPath: m_LocalPosition.x
      value: 0
      objectReference: {fileID: 0}
    - target: {fileID: 4792296990418494, guid: 0310b8628b5599c4295215fedba1a232, type: 3}
      propertyPath: m_LocalPosition.y
      value: 0.0444
      objectReference: {fileID: 0}
    - target: {fileID: 4792296990418494, guid: 0310b8628b5599c4295215fedba1a232, type: 3}
      propertyPath: m_LocalPosition.z
      value: -0
      objectReference: {fileID: 0}
    - target: {fileID: 4792296990418494, guid: 0310b8628b5599c4295215fedba1a232, type: 3}
      propertyPath: m_LocalRotation.x
      value: 0.5
      objectReference: {fileID: 0}
    - target: {fileID: 4792296990418494, guid: 0310b8628b5599c4295215fedba1a232, type: 3}
      propertyPath: m_LocalRotation.y
      value: 0.50000006
      objectReference: {fileID: 0}
    - target: {fileID: 4792296990418494, guid: 0310b8628b5599c4295215fedba1a232, type: 3}
      propertyPath: m_LocalRotation.z
      value: -0.50000006
      objectReference: {fileID: 0}
    - target: {fileID: 4792296990418494, guid: 0310b8628b5599c4295215fedba1a232, type: 3}
      propertyPath: m_LocalRotation.w
      value: 0.5
      objectReference: {fileID: 0}
    - target: {fileID: 4792296990418494, guid: 0310b8628b5599c4295215fedba1a232, type: 3}
      propertyPath: m_RootOrder
      value: 4
      objectReference: {fileID: 0}
    - target: {fileID: 4792296990418494, guid: 0310b8628b5599c4295215fedba1a232, type: 3}
      propertyPath: m_LocalEulerAnglesHint.x
      value: 90
      objectReference: {fileID: 0}
    - target: {fileID: 4792296990418494, guid: 0310b8628b5599c4295215fedba1a232, type: 3}
      propertyPath: m_LocalEulerAnglesHint.y
      value: 90.00001
      objectReference: {fileID: 0}
    - target: {fileID: 4792296990418494, guid: 0310b8628b5599c4295215fedba1a232, type: 3}
      propertyPath: m_LocalEulerAnglesHint.z
      value: 0
      objectReference: {fileID: 0}
    - target: {fileID: 4792296990418494, guid: 0310b8628b5599c4295215fedba1a232, type: 3}
      propertyPath: m_LocalScale.x
      value: 0.013984484
      objectReference: {fileID: 0}
    - target: {fileID: 4792296990418494, guid: 0310b8628b5599c4295215fedba1a232, type: 3}
      propertyPath: m_LocalScale.y
      value: 0.02741518
      objectReference: {fileID: 0}
    - target: {fileID: 4792296990418494, guid: 0310b8628b5599c4295215fedba1a232, type: 3}
      propertyPath: m_LocalScale.z
      value: 0.0034268976
      objectReference: {fileID: 0}
    - target: {fileID: 1344457166417818, guid: 0310b8628b5599c4295215fedba1a232, type: 3}
      propertyPath: m_Name
      value: Electricity
      objectReference: {fileID: 0}
    - target: {fileID: 198464213672787702, guid: 0310b8628b5599c4295215fedba1a232,
        type: 3}
      propertyPath: looping
      value: 0
      objectReference: {fileID: 0}
    - target: {fileID: 198464213672787702, guid: 0310b8628b5599c4295215fedba1a232,
        type: 3}
      propertyPath: lengthInSec
      value: 2
      objectReference: {fileID: 0}
    m_RemovedComponents: []
  m_SourcePrefab: {fileID: 100100000, guid: 0310b8628b5599c4295215fedba1a232, type: 3}
